@String{pami = {{IEEE} {T}ransactions on Pattern Analysis and Machine Intelligence}}
@String{itip = {{IEEE} {T}ransactions on Image Processing}}
@String{ijcv = {International Journal of Computer Vision}}
@String{prl = {Pattern Recognition Letters}}
@String{lti = {{L}ehrstuhl für {T}echnische {I}nformatik, RWTH-Aachen University}}

@String{today = {2024-06-07}}


@Book{Burrus1998,
  author =	 {C. S. Burrus and J. H. McClellan and A. V. Oppenheim and T. W. Parks and R. W. Schafer and H. W. Schuessler},
  title = 	 {Ejercicios de Tratamiento de la Señal.  Un enfoque práctico},
  publisher = 	 {Prentice Hall},
  year = 	 1998
}

@Book{Davis1963,
  author =       {Davis, H. F.},
  title =        {Fourier series and orthogonal functions},
  publisher =    {Dover Publications, Inc.},
  year =         {1963}
}

@Book{Haykin2001,
  author =       {Haykin, S. and van Veen, B.},
  title =        {Señales y sistemas},
  publisher =    {Limusa Wiley},
  year =         {2001},
}

@Book{James2002,
  author =	 {James, G.},
  title = 	 {Matemáticas Avanzadas para Ingeniería},
  publisher = 	 {Prentice Hall},
  year = 	 2002,
  edition =	 {2da}
}

@Book{Kreyszig2000a,
  author =	 {Kreyszig, E.},
  title = 	 {Matemáticas Avanzadas para Ingeniería},
  publisher = 	 {Limusa Wiley},
  year = 	 2000,
  volume =	 {I},
  edition =	 {3ra}
}

@Book{Kreyszig2000b,
  author =	 {Kreyszig, E.},
  title = 	 {Matemáticas Avanzadas para Ingeniería},
  publisher = 	 {Limusa Wiley},
  year = 	 2000,
  volume =	 {II},
  edition =	 {3ra}
}

@Book{Lindner2002,
  author =       {Lindner, D.},
  title =        {Introducción a las señales y los sistemas},
  publisher =    {McGraw Hill},
  year =         2002
}

@Online{AlvaradoWeb,
  author=        {Alvarado, Pablo},
  title=         {Proyecto de graduación},
  month=         sep,
  year=          {2021},
  url=           {http://www.ie.tec.ac.cr/palvarado/PG},
  urldate=       {2021-11-09}
}

@Online{MatLab,
   author    = {MathWorks},
   title     = {MatLab},
   year      = {1994},
   url =       {http://www.matlab.com},
   urldate   = today
}

@Online{Octave,
   author    = {John W. Eaton and David Bateman and S{\o}ren Hauberg and Rik Wehbring},
   title     = {Octave},
   institution = {University of Wisconsin},
   year      = {1998},
   url       = {http://www.octave.org},
   urldate   = today
}

@Online{OctaveRep,
   author    = {{The Octave Project Developers}},
   title     = {Octave Repository},
   year      = {1996},
   url       = {https://github.com/gnu-octave/octave},
   urldate   = today
}

@Book{Oppenheim1998,
  author = 	 {A. Oppenheim and A. Willsky and S. H. Nawab},
  title = 	 {Señales y Sistemas},
  publisher = 	 {Prentice Hall},
  year = 	 1998,
  edition =	 {2da}
}

@Book{ProakisManolakis1998,
  author =	 {Proakis, J. G.  and Manolakis, D. G.},
  title = 	 {Tratamiento Digital de Señales},
  publisher = 	 {Prentice Hall},
  year = 	 {1998},
}

@Book{Roberts2005,
  author =       {M. J. Roberts},
  title =        {Señales y Sistemas.  Análisis mediante métodos de 
                  transformada y {MatLab}},
  publisher =    {McGraw Hill},
  year =         {2005}
}

@Book{Shilov1973,
  author =       {G. E. Shilov},
  title =        {Elementary Real and Complex Analysis},
  publisher =    {Dover Publications, Inc.},
  year =         {1973}
}

@Book{Soria2003,
  author =	 {Soria Olivas, E. and Martínez Sober, M. and 
                  Francés Villora, J. V.  and Camps Valls, G. },
  title = 	 {Tratamiento Digital de Señales.  Problemas y ejercicios resueltos},
  publisher = 	 {Prentice Hall},
  year = 	 {2003},
  address =	 {Madrid}
}

@Book{Stremler1993,
  author =       {Stremler, F. G. },
  title =        {Introducción a los sistemas de comunicación},
  publisher =    {Addison Wesley Longman},
  year =         {1993}
}

@Thesis{Fulano21,
  author = {Fulano Rodríguez, Juan},
  title = {Energía infinita con un diodo},
  institution = {Escuela de Ingeniería Electrónica, Tecnológico de Costa Rica},
  month = jun,
  year = 2021,
  type = {Tesis de Licenciatura}
}

@unpublished{proyecto_previo,
	author = {B. Cordero and R. Martinez},
	title = {Desarrollo de un sistema de reconocimiento automático de
			placas vehiculares para la gestión inteligente del parqueo en el
			Campus Tecnológico Local de San José.},
	year = {2024},
	school = {ITCR}
}

@misc{hikyvision,
	author = {Hikvision},
	title = {ANPR (Automatic Number Plate Recognition)},
	url =  {https://www.hikvision.com/europe/solutions/solutions-by-function/anpr--automatic-number-plate-recognition-/}
}

@article{surveyANPR,
	author = {Chirag Patel and Dipthi Shah and Atul Patel},
	year = {2013},
	title = {Automatic Number Plate Recognition System (ANPR): A Survey},
	journal = {International Journal of Computer Applications},
	volume = {69 no.9}
}

@misc{endToEndDepthwise,
	author = {Song-Ren Wang and Hong-Yang Shih and Zheng-Yi Shen and Wen-Kai Tai},
	year = {2022},
	title = {End-to-End High Accuracy License Plate Recognition Based on Depthwise Separable Convolution Networks},
    eprint={2202.10277},
    archivePrefix={arXiv},
    primaryClass={cs.CV},
    url={https://arxiv.org/abs/2202.10277}, 
}

@misc{hardt2021patternspredictionsactionsstory,
      title={Patterns, predictions, and actions: A story about machine learning}, 
      author={Moritz Hardt and Benjamin Recht},
      year={2021},
      eprint={2102.05242},
      archivePrefix={arXiv},
      primaryClass={cs.LG},
      url={https://arxiv.org/abs/2102.05242}, 
}

@inbook{Shpir_2024,
   title={License Plate Images Generation with Diffusion Models},
   ISBN={9781643685489},
   ISSN={1879-8314},
   url={http://dx.doi.org/10.3233/FAIA241053},
   DOI={10.3233/faia241053},
   booktitle={ECAI 2024},
   publisher={IOS Press},
   author={Shpir, Mariia and Shvai, Nadiya and Nakib, Amir},
   year={2024},
   month={oct} 
}

@misc{yolov8EvalIndicadores,
      title={YOLOv8 and Faster R-CNN Performance Evaluation with Super-resolution in License Plate Recognition}, 
      author={Diva Angelika Mulia1 and Sarah Safitri2 and I Gede Putra Kusuma Negara},
	  journal={International Journal of Computing and Digital Systems},
      year={2024},
      url={https://dx.doi.org/10.12785/ijcds/160129}, 
}

@misc{ley8968,
  author       = {{Asamblea Legislativa de Costa Rica}},
  title        = {Ley N.° 8968: Ley de Protección de la Persona Frente al Tratamiento de sus Datos Personales},
  year         = {2011},
  note         = {Publicada en La Gaceta N.º 170, del 5 de septiembre de 2011},
  howpublished = {\url{https://www.pgrweb.go.cr/scij/Busqueda/Normativa/Normas/nrm_texto_completo.aspx?param1=NRTC&nValor1=1&nValor2=72583&nValor3=89822}},
}

@misc{tecCroquisSJ,
  author       = {Fernando Montero Bolaños},
  title        = {Campus TEC San José estrena instalaciones},
  year         = {2021},
  url          = {https://www.tec.ac.cr/hoyeneltec/2021/06/16/campus-tec-san-jose-estrena-instalaciones},
  note         = {Acceso el 24 de junio de 2025}
}

@misc{iso29100,
  author       = {{International Organization for Standardization}},
  title        = {{ISO/IEC 29100:2011 – Information technology – Security techniques – Privacy framework}},
  year         = {2011},
  howpublished = {\url{https://www.iso.org/standard/45123.html}},
  note         = {Acceso el 24 de junio de 2025}
}

@misc{gdpr,
  author       = {{European Parliament and Council of the European Union}},
  title        = {{Regulation (EU) 2016/679 of the European Parliament and of the Council on the protection of natural persons with regard to the processing of personal data and on the free movement of such data (General Data Protection Regulation)}},
  year         = {2016},
  howpublished = {\url{https://eur-lex.europa.eu/eli/reg/2016/679/oj}},
  note         = {Acceso el 24 de junio de 2025}
}

@misc{papakipos2022auglydataaugmentationsrobustness,
      title={AugLy: Data Augmentations for Robustness}, 
      author={Zoe Papakipos and Joanna Bitton},
      year={2022},
      eprint={2201.06494},
      archivePrefix={arXiv},
      primaryClass={cs.AI},
      url={https://arxiv.org/abs/2201.06494}, 
}

@misc{art97placasvehiculares,
  title        = {Artículo 97: Códigos de las placas},
  howpublished = {Sistema Costarricense de Información Jurídica (SCIJ), Poder Judicial de Costa Rica},
  note         = {Norma NRM 74140 / NRM 110458},
  url          = {https://pgrweb.go.cr/scij/Busqueda/Normativa/Normas/nrm_articulo.aspx?nValor1=1&nValor2=74140&nValor3=110458&param1=NRA},
  year         = {2013},
  language     = {es},
}
